@ARTICLE{anderson2010,
   author = {{Anderson}, J. and {van der Marel}, R.~P.},
    title = "{New Limits on an Intermediate-Mass Black Hole in Omega Centauri. I. Hubble Space Telescope Photometry and Proper Motions}",
  journal = {\apj},
archivePrefix = "arXiv",
   eprint = {0905.0627},
 primaryClass = "astro-ph.GA",
 keywords = {catalogs, globular clusters: general, globular clusters: individual: Omega Cen, stars: kinematics and dynamics, techniques: image processing, techniques: photometric},
     year = 2010,
    month = feb,
   volume = 710,
    pages = {1032-1062},
      doi = {10.1088/0004-637X/710/2/1032},
   adsurl = {http://adsabs.harvard.edu/abs/2010ApJ...710.1032A},
  adsnote = {Provided by the SAO/NASA Astrophysics Data System}
}

@ARTICLE{kallivayalil2013,
   author = {{Kallivayalil}, N. and {van der Marel}, R.~P. and {Besla}, G. and 
	{Anderson}, J. and {Alcock}, C.},
    title = "{Third-epoch Magellanic Cloud Proper Motions. I. Hubble Space Telescope/WFC3 Data and Orbit Implications}",
  journal = {\apj},
archivePrefix = "arXiv",
   eprint = {1301.0832},
 keywords = {galaxies: evolution, galaxies: interactions, galaxies: kinematics and dynamics, Galaxy: structure, Magellanic Clouds},
     year = 2013,
    month = feb,
   volume = 764,
      eid = {161},
    pages = {161},
      doi = {10.1088/0004-637X/764/2/161},
   adsurl = {http://adsabs.harvard.edu/abs/2013ApJ...764..161K},
  adsnote = {Provided by the SAO/NASA Astrophysics Data System}
}

@ARTICLE{anderson2003,
   author = {{Anderson}, J. and {King}, I.~R.},
    title = "{An Improved Distortion Solution for the Hubble Space Telescope's WFPC2}",
  journal = {\pasp},
 keywords = {Astrometry, Instrumentation: Detectors},
     year = 2003,
    month = jan,
   volume = 115,
    pages = {113-131},
      doi = {10.1086/345491},
   adsurl = {http://adsabs.harvard.edu/abs/2003PASP..115..113A},
  adsnote = {Provided by the SAO/NASA Astrophysics Data System}
}

@ARTICLE{kallivayalil2006,
   author = {{Kallivayalil}, N. and {van der Marel}, R.~P. and {Alcock}, C. and 
	{Axelrod}, T. and {Cook}, K.~H. and {Drake}, A.~J. and {Geha}, M.
	},
    title = "{The Proper Motion of the Large Magellanic Cloud Using HST}",
  journal = {\apj},
   eprint = {astro-ph/0508457},
 keywords = {Galaxies: Magellanic Clouds},
     year = 2006,
    month = feb,
   volume = 638,
    pages = {772-785},
      doi = {10.1086/498972},
   adsurl = {http://adsabs.harvard.edu/abs/2006ApJ...638..772K},
  adsnote = {Provided by the SAO/NASA Astrophysics Data System}
}

@ARTICLE{besla2007,
   author = {{Besla}, G. and {Kallivayalil}, N. and {Hernquist}, L. and {Robertson}, B. and 
	{Cox}, T.~J. and {van der Marel}, R.~P. and {Alcock}, C.},
    title = "{Are the Magellanic Clouds on Their First Passage about the Milky Way?}",
  journal = {\apj},
   eprint = {astro-ph/0703196},
 keywords = {Galaxies: Evolution, Galaxies: Interactions, Galaxies: Kinematics and Dynamics, Galaxy: Structure, Galaxies: Magellanic Clouds},
     year = 2007,
    month = oct,
   volume = 668,
    pages = {949-967},
      doi = {10.1086/521385},
   adsurl = {http://adsabs.harvard.edu/abs/2007ApJ...668..949B},
  adsnote = {Provided by the SAO/NASA Astrophysics Data System}
}

@ARTICLE{piatek2008,
   author = {{Piatek}, S. and {Pryor}, C. and {Olszewski}, E.~W.},
    title = "{Proper Motions of the Large Magellanic Cloud and Small Magellanic Cloud: Re-Analysis of Hubble Space Telescope Data}",
  journal = {\aj},
 keywords = {astrometry, galaxies: dwarf, Magellanic Clouds},
     year = 2008,
    month = mar,
   volume = 135,
    pages = {1024-1038},
      doi = {10.1088/0004-6256/135/3/1024},
   adsurl = {http://adsabs.harvard.edu/abs/2008AJ....135.1024P},
  adsnote = {Provided by the SAO/NASA Astrophysics Data System}
}

@ARTICLE{mahmud2008,
   author = {{Mahmud}, N. and {Anderson}, J.},
    title = "{Using Resolved Galaxies in Hubble Space Telescope Images to Measure Absolute Proper Motions}",
  journal = {\pasp},
     year = 2008,
    month = aug,
   volume = 120,
    pages = {907},
      doi = {10.1086/591290},
   adsurl = {http://adsabs.harvard.edu/abs/2008PASP..120..907M},
  adsnote = {Provided by the SAO/NASA Astrophysics Data System}
}

@ARTICLE{sohn2015,
   author = {{Sohn}, S.~T. and {van der Marel}, R.~P. and {Carlin}, J.~L. and 
	{Majewski}, S.~R. and {Kallivayalil}, N. and {Law}, D.~R. and 
	{Anderson}, J. and {Siegel}, M.~H.},
    title = "{Hubble Space Telescope Proper Motions along the Sagittarius Stream. I. Observations and Results for Stars in Four Fields}",
  journal = {\apj},
archivePrefix = "arXiv",
   eprint = {1408.3408},
 keywords = {astrometry, galaxies: kinematics and dynamics, Local Group},
     year = 2015,
    month = apr,
   volume = 803,
      eid = {56},
    pages = {56},
      doi = {10.1088/0004-637X/803/2/56},
   adsurl = {http://adsabs.harvard.edu/abs/2015ApJ...803...56S},
  adsnote = {Provided by the SAO/NASA Astrophysics Data System}
}

@ARTICLE{sohn2012,
   author = {{Sohn}, S.~T. and {Anderson}, J. and {van der Marel}, R.~P.},
    title = "{The M31 Velocity Vector. I. Hubble Space Telescope Proper-motion Measurements}",
  journal = {\apj},
archivePrefix = "arXiv",
   eprint = {1205.6863},
 primaryClass = "astro-ph.GA",
 keywords = {galaxies: individual: M31, galaxies: kinematics and dynamics, Local Group, proper motions},
     year = 2012,
    month = jul,
   volume = 753,
      eid = {7},
    pages = {7},
      doi = {10.1088/0004-637X/753/1/7},
   adsurl = {http://adsabs.harvard.edu/abs/2012ApJ...753....7S},
  adsnote = {Provided by the SAO/NASA Astrophysics Data System}
}

@ARTICLE{sohn2013,
   author = {{Sohn}, S.~T. and {Besla}, G. and {van der Marel}, R.~P. and 
	{Boylan-Kolchin}, M. and {Majewski}, S.~R. and {Bullock}, J.~S.
	},
    title = "{The Space Motion of Leo I: Hubble Space Telescope Proper Motion and Implied Orbit}",
  journal = {\apj},
archivePrefix = "arXiv",
   eprint = {1210.6039},
 primaryClass = "astro-ph.GA",
 keywords = {astrometry, Galaxy: halo, Galaxy: kinematics and dynamics, galaxies: individual: Leo I, galaxies: kinematics and dynamics, Local Group},
     year = 2013,
    month = may,
   volume = 768,
      eid = {139},
    pages = {139},
      doi = {10.1088/0004-637X/768/2/139},
   adsurl = {http://adsabs.harvard.edu/abs/2013ApJ...768..139S},
  adsnote = {Provided by the SAO/NASA Astrophysics Data System}
}

@ARTICLE{sohn2016,
   author = {{Sohn}, S.~T. and {van der Marel}, R.~P. and {Kallivayalil}, N. and 
	{Majewski}, S.~R. and {Besla}, G. and {Carlin}, J.~L. and {Law}, D.~R. and 
	{Siegel}, M.~H. and {Anderson}, J.},
    title = "{Hubble Space Telescope Proper Motions of Individual Stars in Stellar Streams: Orphan, Sagittarius, Lethe, and the New ``Parallel{\rsquo} Stream''}",
  journal = {\apj},
archivePrefix = "arXiv",
   eprint = {1611.02282},
 keywords = {astrometry, Galaxy: halo, Galaxy: kinematics and dynamics, proper motions},
     year = 2016,
    month = dec,
   volume = 833,
      eid = {235},
    pages = {235},
      doi = {10.3847/1538-4357/833/2/235},
   adsurl = {http://adsabs.harvard.edu/abs/2016ApJ...833..235S},
  adsnote = {Provided by the SAO/NASA Astrophysics Data System}
}

@ARTICLE{anderson2007,
   author = {{Anderson}, J.},
    title = "{Variation of the Distortion Solution}",
 keywords = {Hubble Space Telescope, HST, Space Telescope Science Institute, Distortion Solution, WFC Distortion},
booktitle = {Instrument Science Report ACS 2007-08, 12 pages},
  journal = {ACS ISR},
   volume = 07,
    pages = {08},
     year = 2007,
    month = jul,
   adsurl = {http://adsabs.harvard.edu/abs/2007acs..rept....8A},
  adsnote = {Provided by the SAO/NASA Astrophysics Data System}
}

@ARTICLE{anderson2004,
   author = {{Anderson}, J. and {King}, I.~R.},
    title = "{Multi-filter PSFs and Distortion Corrections for the HRC}",
 keywords = {Hubble Space Telescope, HST, Space Telescope Science Institute, Advanced Camera for Surveys, ACS, HRC, PSF},
booktitle = {Instrument Science Report ACS 2004-15, 51 pages},
  journal = {ACS ISR},
   volume = 04,
    pages = {15},
     year = 2004,
    month = aug,
   adsurl = {http://adsabs.harvard.edu/abs/2004acs..rept....3A},
  adsnote = {Provided by the SAO/NASA Astrophysics Data System}
}

@ARTICLE{andersonbedin2010,
   author = {{Anderson}, J. and {Bedin}, L.~R.},
    title = "{An Empirical Pixel-Based Correction for Imperfect CTE. I. HST{\rsquo}s Advanced Camera for Surveys}",
  journal = {\pasp},
archivePrefix = "arXiv",
   eprint = {1007.3987},
 primaryClass = "astro-ph.IM",
     year = 2010,
    month = sep,
   volume = 122,
    pages = {1035},
      doi = {10.1086/656399},
   adsurl = {http://adsabs.harvard.edu/abs/2010PASP..122.1035A},
  adsnote = {Provided by the SAO/NASA Astrophysics Data System}
}

@ARTICLE{deason2013,
   author = {{Deason}, A.~J. and {Van der Marel}, R.~P. and {Guhathakurta}, P. and 
	{Sohn}, S.~T. and {Brown}, T.~M.},
    title = "{The Velocity Anisotropy of Distant Milky Way Halo Stars from Hubble Space Telescope Proper Motions}",
  journal = {\apj},
archivePrefix = "arXiv",
   eprint = {1302.5111},
 keywords = {Galaxy: halo, Galaxy: kinematics and dynamics, proper motions},
     year = 2013,
    month = mar,
   volume = 766,
      eid = {24},
    pages = {24},
      doi = {10.1088/0004-637X/766/1/24},
   adsurl = {http://adsabs.harvard.edu/abs/2013ApJ...766...24D},
  adsnote = {Provided by the SAO/NASA Astrophysics Data System}
}

@ARTICLE{vdmarel2012a,
   author = {{van der Marel}, R.~P. and {Fardal}, M. and {Besla}, G. and 
	{Beaton}, R.~L. and {Sohn}, S.~T. and {Anderson}, J. and {Brown}, T. and 
	{Guhathakurta}, P.},
    title = "{The M31 Velocity Vector. II. Radial Orbit toward the Milky Way and Implied Local Group Mass}",
  journal = {\apj},
archivePrefix = "arXiv",
   eprint = {1205.6864},
 primaryClass = "astro-ph.GA",
 keywords = {galaxies: individual: M31, galaxies: kinematics and dynamics, Local Group, proper motions},
     year = 2012,
    month = jul,
   volume = 753,
      eid = {8},
    pages = {8},
      doi = {10.1088/0004-637X/753/1/8},
   adsurl = {http://adsabs.harvard.edu/abs/2012ApJ...753....8V},
  adsnote = {Provided by the SAO/NASA Astrophysics Data System}
}

@ARTICLE{vdmarel2012b,
   author = {{van der Marel}, R.~P. and {Besla}, G. and {Cox}, T.~J. and 
	{Sohn}, S.~T. and {Anderson}, J.},
    title = "{The M31 Velocity Vector. III. Future Milky Way M31-M33 Orbital Evolution, Merging, and Fate of the Sun}",
  journal = {\apj},
archivePrefix = "arXiv",
   eprint = {1205.6865},
 primaryClass = "astro-ph.GA",
 keywords = {galaxies: individual: M31, galaxies: kinematics and dynamics, Local Group, proper motions},
     year = 2012,
    month = jul,
   volume = 753,
      eid = {9},
    pages = {9},
      doi = {10.1088/0004-637X/753/1/9},
   adsurl = {http://adsabs.harvard.edu/abs/2012ApJ...753....9V},
  adsnote = {Provided by the SAO/NASA Astrophysics Data System}
}

@ARTICLE{pwb2018,
   author = {{Price-Whelan}, A.~M. and {Bonaca}, A.},
    title = "{Off the beaten path: Gaia reveals GD-1 stars outside of the main stream}",
  journal = {ArXiv e-prints},
archivePrefix = "arXiv",
   eprint = {1805.00425},
 keywords = {Astrophysics - Astrophysics of Galaxies},
     year = 2018,
    month = may,
   adsurl = {http://adsabs.harvard.edu/abs/2018arXiv180500425P},
  adsnote = {Provided by the SAO/NASA Astrophysics Data System}
}

@ARTICLE{koposov2010,
   author = {{Koposov}, S.~E. and {Rix}, H.-W. and {Hogg}, D.~W.},
    title = "{Constraining the Milky Way Potential with a Six-Dimensional Phase-Space Map of the GD-1 Stellar Stream}",
  journal = {\apj},
archivePrefix = "arXiv",
   eprint = {0907.1085},
 primaryClass = "astro-ph.GA",
 keywords = {Galaxy: fundamental parameters, Galaxy: halo, Galaxy: kinematics and dynamics, methods: statistical, stars: kinematics and dynamics, surveys},
     year = 2010,
    month = mar,
   volume = 712,
    pages = {260-273},
      doi = {10.1088/0004-637X/712/1/260},
   adsurl = {http://adsabs.harvard.edu/abs/2010ApJ...712..260K},
  adsnote = {Provided by the SAO/NASA Astrophysics Data System}
}

@ARTICLE{dotter2008,
   author = {{Dotter}, A. and {Chaboyer}, B. and {Jevremovi{\'c}}, D. and 
	{Kostov}, V. and {Baron}, E. and {Ferguson}, J.~W.},
    title = "{The Dartmouth Stellar Evolution Database}",
  journal = {\apjs},
archivePrefix = "arXiv",
   eprint = {0804.4473},
 keywords = {globular clusters: general, open clusters and associations: general, stars: evolution},
     year = 2008,
    month = sep,
   volume = 178,
    pages = {89-101},
      doi = {10.1086/589654},
   adsurl = {http://adsabs.harvard.edu/abs/2008ApJS..178...89D},
  adsnote = {Provided by the SAO/NASA Astrophysics Data System}
}
